<?xml version="1.0" encoding="UTF-8"?><collection xmlns="http://www.loc.gov/MARC21/slim"><record><leader>00370nam--2200121-i-4500</leader><controlfield tag="001">000026458</controlfield><controlfield tag="002">20161230</controlfield><controlfield tag="005">20161230201036</controlfield><controlfield tag="008">060222s1000------------r-----000-0-eng-d</controlfield><datafield ind1=" " ind2=" " tag="080"><subfield code="a">083.7:535.82</subfield></datafield><datafield ind1=" " ind2=" " tag="245"><subfield code="a">Instructiuni 215-67 pentru verificarea microsscoapelor de atelier</subfield></datafield><datafield ind1=" " ind2=" " tag="260"><subfield code="a">Bucuresti, Directia G-la Pt.Metrolotie, Standrde Si Inventii, 1968. 31p</subfield></datafield><datafield ind1=" " ind2=" " tag="852"><subfield code="a">28672</subfield></datafield></record></collection>